@book{algs4th,
  author       = {Robert Sedgewick and Kevin Wayne}, 
  title        = {Algorithms},
  chapter      = 3,
  pages        = {424--447},
  publisher    = {Addison-Wesley},
  year         = 2011,
  address      = {21415 Network Place, Chicago, IL 60673, United States},
  edition      = 4
}